@misc{ShareStat,
	author		 = {S. O'Dea},
	title		 = {Mobile operating systems' market share worldwide from January 2012 to June 2021},
	year		 = {2021, [2021-11-21]},
	howpublished = {\url{https://www.statista.com/statistics/272698/global-market-share-held-by-mobile-operating-systems-since-2009/}},
}

@misc{PlatformGuide,
	author		 = {Android Developers},
	title		 = {Platform Architecture},
	year 		 = {2021, [2021-11-21]},
	howpublished = {\url{https://developer.android.com/guide/platform/index.html}},
}

@report{MobWeb,
	author      = {Ekler, Péter},
	institution = {Budapesti Műszaki és Gazdaságtudományi Egyetem, Automatizálási és Alkalmazott Informatikai Tanszék},
	location    = {Budapest},
	title       = {Mobil- és Webes Szoftverek Előadásanyag},
	type        = {techreport},
	year        = {2020, [2021-11-20]},
}

@misc{AndroidStudio,
	author	 	 = {Android Developers},
	title		 = {Meet Android Studio},
	howpublished = {\url{https://developer.android.com/studio/intro}},
}

@misc{ProjectStructure,
	author 		 = {Android Developers},
	title 		 = {Projects Overview},
	howpublished = {\url{https://developer.android.com/studio/projects}},
}

@misc{Manifest,
	author 		 = {Android Developers},
	title 		 = {App Manifest Overview},
	howpublished = {\url{https://developer.android.com/guide/topics/manifest/manifest-intro}},
}

@misc{RecommendedArchitecture,
	author 		 = {Android Developers},
	title 		 = {Guide to app architecture},
	howpublished = {\url{https://developer.android.com/jetpack/guide}},
}

@misc{Rainbowcake,
	author 		 = {Márton Braun},
	title 		 = {RainbowCake - A modern Android architecture framework},
	howpublished = {\url{https://rainbowcake.dev/}},
}

@misc{DepInjection,
	author 		 = {Android Developers},
	title  		 = {Dependency injection in Android},
	howpublished = {\url{https://developer.android.com/training/dependency-injection}},
}

@misc{ViewState,
	author 		 = {Márton Braun},
	title		 = {Designing and Working with Single View States on Android},
	year 		 = {2020, [2021-11-22]},
	howpublished = {\url{https://zsmb.co/designing-and-working-with-single-view-states-on-android/}},
}

@misc{ViewFlipper,
	author 		 = {Márton Braun},
	title 		 = {ViewFlipper documentation},
	year		 = {[2021-11-23]},
	howpublished = {\url{https://rainbowcake.dev/best-practices/view-flippers/}},
}

@misc{Events,
	author 		 = {Márton Braun},
	title		 = {Events documentation},
	year 		 = {[2021-11-23]},
	howpublished = {\url{https://rainbowcake.dev/features/events/}},
}

@misc{Vision,
	author 		 = {Google},
	title 		 = {Vision AI},
	year 		 = {[2021-11-26]},
	howpublished = {\url{https://cloud.google.com/vision}},
}

@book{Wettl04,
  author    = {Ferenc Wettl and Gyula Mayer and Péter Szabó},
  publisher = {Panem Könyvkiadó},
  title     = {\LaTeX~kézikönyv},
  year      = {2004},
}

@article{Candy86,
  author       = {James C. Candy},
  journaltitle = {{IEEE} Trans.\ on Communications},
  month        = {01},
  note         = {\doi{10.1109/TCOM.1986.1096432}},
  number       = {1},
  pages        = {72--76},
  title        = {Decimation for Sigma Delta Modulation},
  volume       = {34},
  year         = {1986},
}

@inproceedings{Lee87,
  author    = {Wai L. Lee and Charles G. Sodini},
  booktitle = {Proc.\ of the IEEE International Symposium on Circuits and Systems},
  location  = {Philadelphia, PA, USA},
  month     = {05~4--7},
  pages     = {459--462},
  title     = {A Topology for Higher Order Interpolative Coders},
  vol       = {2},
  year      = {1987},
}

@thesis{KissPhD,
  author      = {Peter Kiss},
  institution = {Technical University of Timi\c{s}oara, Romania},
  month       = {04},
  title       = {Adaptive Digital Compensation of Analog Circuit Imperfections for Cascaded Delta-Sigma Analog-to-Digital Converters},
  type        = {phdthesis},
  year        = {2000},
}

@manual{Schreier00,
  author       = {Richard Schreier},
  month        = {01},
  note         = {\url{http://www.mathworks.com/matlabcentral/fileexchange/}},
  organization = {Oregon State University},
  title        = {The Delta-Sigma Toolbox v5.2},
  year         = {2000},
}

@misc{DipPortal,
  author       = {{Budapesti Műszaki és Gazdaságtudományi Egyetem Villamosmérnöki és Informatikai Kar}},
  howpublished = {\url{http://diplomaterv.vik.bme.hu/}},
  title        = {Diplomaterv portál (2011. február 26.)},
}

@incollection{Mkrtychev:1997,
  author    = {Mkrtychev, Alexey},
  booktitle = {Logical Foundations of Computer Science},
  doi       = {10.1007/3-540-63045-7_27},
  editor    = {Adian, Sergei and Nerode, Anil},
  isbn      = {978-3-540-63045-6},
  pages     = {266-275},
  publisher = {Springer Berlin Heidelberg},
  series    = {Lecture Notes in Computer Science},
  title     = {Models for the logic of proofs},
  url       = {http://dx.doi.org/10.1007/3-540-63045-7_27},
  volume    = {1234},
  year      = {1997},
}

@report{Jeney,
  author      = {Jeney, Gábor},
  institution = {Budapesti Műszaki és Gazdaságtudományi Egyetem, Híradástechnikai Tanszék},
  location    = {Budapest},
  note        = {\url{http://www.mcl.hu/~jeneyg/kinezet.pdf}},
  title       = {Hogyan néz ki egy igényes dokumentum? {N}éhány szóban az alapvető tipográfiai szabályokról},
  type        = {techreport},
  year        = {2014},
}

